@unpublished{Bengio-et-al-2015-Book,
    title={Deep Learning},
    author={Yoshua Bengio and Ian J. Goodfellow and Aaron Courville},
    note={Book in preparation for MIT Press},
    url={http://www.iro.umontreal.ca/~bengioy/dlbook},
    year={2015}
}

@article{jia2014caffe,
  Author = {Jia, Yangqing and Shelhamer, Evan and Donahue, Jeff and Karayev, Sergey and Long, Jonathan and Girshick, Ross and Guadarrama, Sergio and Darrell, Trevor},
  Journal = {arXiv preprint arXiv:1408.5093},
  Title = {Caffe: Convolutional Architecture for Fast Feature Embedding},
  Year = {2014}
}


@inproceedings{ BrostowSFC:ECCV08,
  author    = {Gabriel J. Brostow and Jamie Shotton and Julien Fauqueur and Roberto Cipolla},
  title     = {Segmentation and Recognition Using Structure from Motion Point Clouds},
  booktitle = {ECCV (1)},
  year      = {2008},
  pages     = {44-57}
}

@article{ BrostowFC:PRL2008,
    author = "Gabriel J. Brostow and Julien Fauqueur and Roberto Cipolla",
    title = "Semantic Object Classes in Video: A High-Definition Ground Truth Database",
    journal = "Pattern Recognition Letters",
    volume = "xx",
    number = "x",   
    pages = "xx-xx",
    year = "2008"
}

@Article{farabet2013pami,
  author =	 {Clement Farabet, Camille Couprie, Laurent Najman and Yann LeCun},
  title =	 {Learning Hierarchical Features for Scene Labeling},
  journal =	 {IEEE Trans. on Pat. Anal. and Mach. Int.},
  year =	 2013,
note = {in press}
  optpages =	 {},
  optmonth =	 {}
}

@article{farabet2012scene,
  title={Scene parsing with multiscale feature learning, purity trees, and optimal covers},
  author={Farabet, Clement and Couprie, Camille and Najman, Laurent and LeCun, Yann},
  journal={arXiv preprint arXiv:1202.2160},
  year={2012}
}


@inproceedings{couprie2013causal,
  title={Causal graph-based video segmentation},
  author={Couprie, Camille and Farabet, Cl{\'e}ment and LeCun, Yann and Najman, Laurent},
  booktitle={Image Processing (ICIP), 2013 20th IEEE International Conference on},
  pages={4249--4253},
  year={2013},
  organization={IEEE}
}

@article{hariharan2014hypercolumns,
  title={Hypercolumns for object segmentation and fine-grained localization},
  author={Hariharan, Bharath and Arbel{\'a}ez, Pablo and Girshick, Ross and Malik, Jitendra},
  journal={arXiv preprint arXiv:1411.5752},
  year={2014}
}

@INPROCEEDINGS{Krizhevsky_imagenetclassification,
    author = {Alex Krizhevsky and Ilya Sutskever and Geoffrey E. Hinton},
    title = {Imagenet classification with deep convolutional neural networks},
    booktitle = {Advances in Neural Information Processing Systems},
    year = {},
    pages = {2012}
}

@article{szegedy2014going,
  title={Going deeper with convolutions},
  author={Szegedy, Christian and Liu, Wei and Jia, Yangqing and Sermanet, Pierre and Reed, Scott and Anguelov, Dragomir and Erhan, Dumitru and Vanhoucke, Vincent and Rabinovich, Andrew},
  journal={arXiv preprint arXiv:1409.4842},
  year={2014}
}

@article{long2014fully,
  title={Fully convolutional networks for semantic segmentation},
  author={Long, Jonathan and Shelhamer, Evan and Darrell, Trevor},
  journal={arXiv preprint arXiv:1411.4038},
  year={2014}
}  
