@unpublished{Bengio-et-al-2015-Book,
    title={Deep Learning},
    author={Yoshua Bengio and Ian J. Goodfellow and Aaron Courville},
    note={Book in preparation for MIT Press},
    url={http://www.iro.umontreal.ca/~bengioy/dlbook},
    year={2015}
}

@incollection{bridle1990probabilistic,
  title={Probabilistic interpretation of feedforward classification network outputs, with relationships to statistical pattern recognition},
  author={Bridle, John S},
  booktitle={Neurocomputing},
  pages={227--236},
  year={1990},
  publisher={Springer}
}

@article{duchi2011adaptive,
  title={Adaptive subgradient methods for online learning and stochastic optimization},
  author={Duchi, John and Hazan, Elad and Singer, Yoram},
  journal={The Journal of Machine Learning Research},
  volume={12},
  pages={2121--2159},
  year={2011},
  publisher={JMLR. org}
}

@inproceedings{nesterov1983method,
  title={A method of solving a convex programming problem with convergence rate O (1/k2)},
  author={Nesterov, Yurii},
  booktitle={Soviet Mathematics Doklady},
  volume={27},
  number={2},
  pages={372--376},
  year={1983}
}

@inproceedings{sutskever2013importance,
  title={On the importance of initialization and momentum in deep learning},
  author={Sutskever, Ilya and Martens, James and Dahl, George and Hinton, Geoffrey},
  booktitle={Proceedings of the 30th international conference on machine learning (ICML-13)},
  pages={1139--1147},
  year={2013}
}

@incollection{bottou2012stochastic,
  title={Stochastic gradient descent tricks},
  author={Bottou, L{\'e}on},
  booktitle={Neural Networks: Tricks of the Trade},
  pages={421--436},
  year={2012},
  publisher={Springer}
}
@inproceedings{ciresan2011flexible,
  title={Flexible, high performance convolutional neural networks for image classification},
  author={Ciresan, Dan C and Meier, Ueli and Masci, Jonathan and Maria Gambardella, Luca and Schmidhuber, J{\"u}rgen},
  booktitle={IJCAI Proceedings-International Joint Conference on Artificial Intelligence},
  volume={22},
  number={1},
  pages={1237},
  year={2011}
}

@article{he2015delving,
  title={Delving deep into rectifiers: Surpassing human-level performance on imagenet classification},
  author={He, Kaiming and Zhang, Xiangyu and Ren, Shaoqing and Sun, Jian},
  journal={arXiv preprint arXiv:1502.01852},
  year={2015}
}

@article{hinton2012improving,
  title={Improving neural networks by preventing co-adaptation of feature detectors},
  author={Hinton, Geoffrey E and Srivastava, Nitish and Krizhevsky, Alex and Sutskever, Ilya and Salakhutdinov, Ruslan R},
  journal={arXiv preprint arXiv:1207.0580},
  year={2012}
}

@article{srivastava2014dropout,
  title={Dropout: A simple way to prevent neural networks from overfitting},
  author={Srivastava, Nitish and Hinton, Geoffrey and Krizhevsky, Alex and Sutskever, Ilya and Salakhutdinov, Ruslan},
  journal={The Journal of Machine Learning Research},
  volume={15},
  number={1},
  pages={1929--1958},
  year={2014},
  publisher={JMLR. org}
}

@inproceedings{le1990handwritten,
  title={Handwritten digit recognition with a back-propagation network},
  author={Le Cun, B Boser and Denker, John S and Henderson, D and Howard, Richard E and Hubbard, W and Jackel, Lawrence D},
  booktitle={Advances in neural information processing systems},
  year={1990},
  organization={Citeseer}
}

@article{lecun1998gradient,
  title={Gradient-based learning applied to document recognition},
  author={LeCun, Yann and Bottou, L{\'e}on and Bengio, Yoshua and Haffner, Patrick},
  journal={Proceedings of the IEEE},
  volume={86},
  number={11},
  pages={2278--2324},
  year={1998},
  publisher={IEEE}
}

@article{fukushima1980neocognitron,
  title={Neocognitron: A self-organizing neural network model for a mechanism of pattern recognition unaffected by shift in position},
  author={Fukushima, Kunihiko},
  journal={Biological cybernetics},
  volume={36},
  number={4},
  pages={193--202},
  year={1980},
  publisher={Springer}
}


@article{rabiner1989tutorial,
  title={A tutorial on hidden Markov models and selected applications in speech recognition},
  author={Rabiner, Lawrence R},
  journal={Proceedings of the IEEE},
  volume={77},
  number={2},
  pages={257--286},
  year={1989},
  publisher={IEEE}
}

@inproceedings{paris2007topological,
  title={A topological approach to hierarchical segmentation using mean shift},
  author={Paris, Sylvain and Durand, Fr{\'e}do},
  booktitle={Computer Vision and Pattern Recognition, 2007. CVPR'07. IEEE Conference on},
  pages={1--8},
  year={2007},
  organization={IEEE}
}

@inproceedings{karpathy2014large,
  title={Large-scale video classification with convolutional neural networks},
  author={Karpathy, Andrej and Toderici, George and Shetty, Sachin and Leung, Tommy and Sukthankar, Rahul and Fei-Fei, Li},
  booktitle={Computer Vision and Pattern Recognition (CVPR), 2014 IEEE Conference on},
  pages={1725--1732},
  year={2014},
  organization={IEEE}
}

@inproceedings{sturgess2009combining,
  title={Combining Appearance and Structure from Motion Features for Road Scene Understanding.},
  author={Sturgess, Paul and Alahari, Karteek and Ladicky, Lubor and Torr, Philip HS},
  booktitle={BMVC},
  volume={1},
  number={4},
  pages={6},
  year={2009}
}

@article{couprie2013indoor,
  title={Indoor semantic segmentation using depth information},
  author={Couprie, Camille and Farabet, Cl{\'e}ment and Najman, Laurent and LeCun, Yann},
  journal={arXiv preprint arXiv:1301.3572},
  year={2013}
}
@article{cousty2009watershed,
  title={Watershed cuts: Minimum spanning forests and the drop of water principle},
  author={Cousty, Jean and Bertrand, Gilles and Najman, Laurent and Couprie, Michel},
  journal={Pattern Analysis and Machine Intelligence, IEEE Transactions on},
  volume={31},
  number={8},
  pages={1362--1374},
  year={2009},
  publisher={IEEE}
}

@inproceedings{tighe2013finding,
  title={Finding things: Image parsing with regions and per-exemplar detectors},
  author={Tighe, Joseph and Lazebnik, Svetlana},
  booktitle={Computer Vision and Pattern Recognition (CVPR), 2013 IEEE Conference on},
  pages={3001--3008},
  year={2013},
  organization={IEEE}
}

@article{hinton2006fast,
  title={A fast learning algorithm for deep belief nets},
  author={Hinton, Geoffrey E and Osindero, Simon and Teh, Yee-Whye},
  journal={Neural computation},
  volume={18},
  number={7},
  pages={1527--1554},
  year={2006},
  publisher={MIT Press}
}

@article{noh2015learning,
  title={Learning Deconvolution Network for Semantic Segmentation},
  author={Noh, Hyeonwoo and Hong, Seunghoon and Han, Bohyung},
  journal={arXiv preprint arXiv:1505.04366},
  year={2015}
}

@article{hong2015decoupled,
  title={Decoupled Deep Neural Network for Semi-supervised Semantic Segmentation},
  author={Hong, Seunghoon and Noh, Hyeonwoo and Han, Bohyung},
  journal={arXiv preprint arXiv:1506.04924},
  year={2015}
}

@article{kohli2009robust,
  title={Robust higher order potentials for enforcing label consistency},
  author={Kohli, Pushmeet and Torr, Philip HS and others},
  journal={International Journal of Computer Vision},
  volume={82},
  number={3},
  pages={302--324},
  year={2009},
  publisher={Springer}
}

@inproceedings{grundmann2010efficient,
  title={Efficient hierarchical graph-based video segmentation},
  author={Grundmann, Matthias and Kwatra, Vivek and Han, Mei and Essa, Irfan},
  booktitle={Computer Vision and Pattern Recognition (CVPR), 2010 IEEE Conference on},
  pages={2141--2148},
  year={2010},
  organization={IEEE}
}

@inproceedings{ess2009segmentation,
  title={Segmentation-Based Urban Traffic Scene Understanding.},
  author={Ess, Andreas and Mueller, Tobias and Grabner, Helmut and Van Gool, Luc J},
  booktitle={BMVC},
  volume={1},
  pages={2},
  year={2009},
  organization={Citeseer}
}

@article{felzenszwalb2004efficient,
  title={Efficient graph-based image segmentation},
  author={Felzenszwalb, Pedro F and Huttenlocher, Daniel P},
  journal={International Journal of Computer Vision},
  volume={59},
  number={2},
  pages={167--181},
  year={2004},
  publisher={Springer}
}

@article{donahue2013decaf,
  title={Decaf: A deep convolutional activation feature for generic visual recognition},
  author={Donahue, Jeff and Jia, Yangqing and Vinyals, Oriol and Hoffman, Judy and Zhang, Ning and Tzeng, Eric and Darrell, Trevor},
  journal={arXiv preprint arXiv:1310.1531},
  year={2013}
}

@incollection{hariharan2014simultaneous,
  title={Simultaneous detection and segmentation},
  author={Hariharan, Bharath and Arbel{\'a}ez, Pablo and Girshick, Ross and Malik, Jitendra},
  booktitle={Computer Vision--ECCV 2014},
  pages={297--312},
  year={2014},
  publisher={Springer}
}

@inproceedings{glorot2011deep,
  title={Deep sparse rectifier neural networks},
  author={Glorot, Xavier and Bordes, Antoine and Bengio, Yoshua},
  booktitle={International Conference on Artificial Intelligence and Statistics},
  pages={315--323},
  year={2011}
}

@incollection{NIPS2014_5420,
title = {Do Convnets Learn Correspondence?},
author = {Long, Jonathan L and Zhang, Ning and Darrell, Trevor},
booktitle = {Advances in Neural Information Processing Systems 27},
editor = {Z. Ghahramani and M. Welling and C. Cortes and N.D. Lawrence and K.Q. Weinberger},
pages = {1601--1609},
year = {2014},
publisher = {Curran Associates, Inc.},
url = {http://papers.nips.cc/paper/5420-do-convnets-learn-correspondence.pdf}
}

@article{fischer2014descriptor,
  title={Descriptor matching with convolutional neural networks: a comparison to sift},
  author={Fischer, Philipp and Dosovitskiy, Alexey and Brox, Thomas},
  journal={arXiv preprint arXiv:1405.5769},
  year={2014}
}

@incollection{zhang2014part,
  title={Part-based R-CNNs for fine-grained category detection},
  author={Zhang, Ning and Donahue, Jeff and Girshick, Ross and Darrell, Trevor},
  booktitle={Computer Vision--ECCV 2014},
  pages={834--849},
  year={2014},
  publisher={Springer}
}

@inproceedings{girshick2014rich,
  title={Rich feature hierarchies for accurate object detection and semantic segmentation},
  author={Girshick, Ross and Donahue, Jeff and Darrell, Trevor and Malik, Jagannath},
  booktitle={Computer Vision and Pattern Recognition (CVPR), 2014 IEEE Conference on},
  pages={580--587},
  year={2014},
  organization={IEEE}
}

@inproceedings{zeiler2011adaptive,
  title={Adaptive deconvolutional networks for mid and high level feature learning},
  author={Zeiler, Matthew D and Taylor, Graham W and Fergus, Rob},
  booktitle={Computer Vision (ICCV), 2011 IEEE International Conference on},
  pages={2018--2025},
  year={2011},
  organization={IEEE}
}

@incollection{zeiler2014visualizing,
  title={Visualizing and understanding convolutional networks},
  author={Zeiler, Matthew D and Fergus, Rob},
  booktitle={Computer Vision--ECCV 2014},
  pages={818--833},
  year={2014},
  publisher={Springer}
}

@inproceedings{nair2010rectified,
  title={Rectified linear units improve restricted boltzmann machines},
  author={Nair, Vinod and Hinton, Geoffrey E},
  booktitle={Proceedings of the 27th International Conference on Machine Learning (ICML-10)},
  pages={807--814},
  year={2010}
}

@inproceedings{zeiler2013rectified,
  title={On rectified linear units for speech processing},
  author={Zeiler, Matthew D and Ranzato, Marc'Aurelio and Monga, Rajat and Mao, Min and Yang, Kun and Le, Quoc Viet and Nguyen, Patrick and Senior, Alan and Vanhoucke, Vincent and Dean, Jeffrey and others},
  booktitle={Acoustics, Speech and Signal Processing (ICASSP), 2013 IEEE International Conference on},
  pages={3517--3521},
  year={2013},
  organization={IEEE}
}

@inproceedings{maas2013rectifier,
  title={Rectifier nonlinearities improve neural network acoustic models},
  author={Maas, Andrew L and Hannun, Awni Y and Ng, Andrew Y},
  booktitle={Proc. ICML},
  volume={30},
  year={2013}
}

@article{jia2014caffe,
  Author = {Jia, Yangqing and Shelhamer, Evan and Donahue, Jeff and Karayev, Sergey and Long, Jonathan and Girshick, Ross and Guadarrama, Sergio and Darrell, Trevor},
  Journal = {arXiv preprint arXiv:1408.5093},
  Title = {Caffe: Convolutional Architecture for Fast Feature Embedding},
  Year = {2014}
}


@inproceedings{ BrostowSFC:ECCV08,
  author    = {Gabriel J. Brostow and Jamie Shotton and Julien Fauqueur and Roberto Cipolla},
  title     = {Segmentation and Recognition Using Structure from Motion Point Clouds},
  booktitle = {ECCV (1)},
  year      = {2008},
  pages     = {44-57}
}

@article{ BrostowFC:PRL2008,
    author = {"Gabriel J. Brostow and Julien Fauqueur and Roberto Cipolla"},
    title = {"Semantic Object Classes in Video: A High-Definition Ground Truth Database"},
    journal = {"Pattern Recognition Letters"},
    volume = {"xx"},
    number = {"x"},   
    pages = {"xx-xx"},
    year = {"2008"}

}

@article{lin2015efficient,
  title={Efficient piecewise training of deep structured models for semantic segmentation},
  author={Lin, Guosheng and Shen, Chunhua and Reid, Ian and others},
  journal={arXiv preprint arXiv:1504.01013},
  year={2015}
}

@inproceedings{chen14semantic,
  title={Semantic Image Segmentation with Deep Convolutional Nets and Fully Connected CRFs},
  author={Liang-Chieh Chen and George Papandreou and Iasonas Kokkinos and Kevin Murphy and Alan L Yuille},
  booktitle={ICLR},
  url={http://arxiv.org/abs/1412.7062},
  year={2015}
}

@inproceedings{KrahenbuhlK11,
  title={Efficient Inference in Fully Connected CRFs with Gaussian Edge Potentials},
  author={Philipp Kr{\"{a}}henb{\"{u}}hl and Vladlen Koltun},
  booktitle={NIPS},      
  year={2011}
}

@article{papandreou15weak,
  title={Weakly- and Semi-Supervised Learning of a DCNN for Semantic Image Segmentation},
  author={George Papandreou and Liang-Chieh Chen and Kevin Murphy and Alan L Yuille},
  journal={arxiv:1502.02734},
  year={2015}
}

@article{couprie2014convolutional,
  title={Convolutional nets and watershed cuts for real-time semantic labeling of rgbd videos},
  author={Couprie, Camille and Farabet, Cl{\'e}ment and Najman, Laurent and Lecun, Yann},
  journal={The Journal of Machine Learning Research},
  volume={15},
  number={1},
  pages={3489--3511},
  year={2014},
  publisher={JMLR. org}
}

@Article{farabet2013pami,
  author =	 {Clement Farabet, Camille Couprie, Laurent Najman and Yann LeCun},
  title =	 {Learning Hierarchical Features for Scene Labeling},
  journal =	 {IEEE Trans. on Pat. Anal. and Mach. Int.},
  year =	 2013,
note = {in press}
  optpages =	 {},
  optmonth =	 {}
}

@article{farabet2012scene,
  title={Scene parsing with multiscale feature learning, purity trees, and optimal covers},
  author={Farabet, Clement and Couprie, Camille and Najman, Laurent and LeCun, Yann},
  journal={arXiv preprint arXiv:1202.2160},
  year={2012}
}

@inproceedings{miksik2013efficient,
  title={Efficient temporal consistency for streaming video scene analysis},
  author={Miksik, Ondrej and Munoz, Delfina and Bagnell, J Andrew and Hebert, Martial},
  booktitle={Robotics and Automation (ICRA), 2013 IEEE International Conference on},
  pages={133--139},
  year={2013},
  organization={IEEE}
}

@incollection{paris2008edge,
  title={Edge-preserving smoothing and mean-shift segmentation of video streams},
  author={Paris, Sylvain},
  booktitle={Computer Vision--ECCV 2008},
  pages={460--473},
  year={2008},
  publisher={Springer}
}

@inproceedings{horn1981determining,
  title={Determining optical flow},
  author={Horn, Berthold K and Schunck, Brian G},
  booktitle={1981 Technical symposium east},
  pages={319--331},
  year={1981},
  organization={International Society for Optics and Photonics}
}

@inproceedings{couprie2013causal,
  title={Causal graph-based video segmentation},
  author={Couprie, Camille and Farabet, Cl{\'e}ment and LeCun, Yann and Najman, Laurent},
  booktitle={Image Processing (ICIP), 2013 20th IEEE International Conference on},
  pages={4249--4253},
  year={2013},
  organization={IEEE}
}

@article{hariharan2014hypercolumns,
  title={Hypercolumns for object segmentation and fine-grained localization},
  author={Hariharan, Bharath and Arbel{\'a}ez, Pablo and Girshick, Ross and Malik, Jitendra},
  journal={arXiv preprint arXiv:1411.5752},
  year={2014}
}

@article{Krizhevsky_imagenetclassification,
    title = {Imagenet classification with deep convolutional neural networks},    
    author = {Alex Krizhevsky and Ilya Sutskever and Geoffrey E. Hinton},
    booktitle = {Advances in Neural Information Processing Systems},
    year = {2012},
}

@article{simonyan2014very,
  title={Very deep convolutional networks for large-scale image recognition},
  author={Simonyan, Karen and Zisserman, Andrew},
  journal={arXiv preprint arXiv:1409.1556},
  year={2014}
}

@inproceedings{liu2015multi,
  title={Multi-class semantic video segmentation with exemplar-based object reasoning},
  author={Liu, Buyu and He, Xuming and Gould, Stephen},
  booktitle={Applications of Computer Vision (WACV), 2015 IEEE Winter Conference on},
  pages={1014--1021},
  year={2015},
  organization={IEEE}
}

@article{shuai2015dag,
  title={DAG-Recurrent Neural Networks For Scene Labeling},
  author={Shuai, Bing and Zuo, Zhen and Wang, Gang and Wang, Bing},
  journal={arXiv preprint arXiv:1509.00552},
  year={2015}
}

@article{badrinarayanan2015segnet,
  title={SegNet: A Deep Convolutional Encoder-Decoder Architecture for Robust Semantic Pixel-Wise Labelling},
  author={Badrinarayanan, Vijay and Handa, Ankur and Cipolla, Roberto},
  journal={arXiv preprint arXiv:1505.07293},
  year={2015}
}

@article{mohan2014deep,
  title={Deep Deconvolutional Networks for Scene Parsing},
  author={Mohan, Rahul},
  journal={arXiv preprint arXiv:1411.4101},
  year={2014}
}

@article{tripathi2015semantic,
  title={Semantic Video Segmentation: Exploring Inference Efficiency},
  author={Tripathi, Subarna and Belongie, Serge and Hwang, Youngbae and Nguyen, Truong},
  journal={arXiv preprint arXiv:1509.02441},
  year={2015}
}

@article{sermanet2013overfeat,
  title={Overfeat: Integrated recognition, localization and detection using convolutional networks},
  author={Sermanet, Pierre and Eigen, David and Zhang, Xiang and Mathieu, Micha{\"e}l and Fergus, Rob and LeCun, Yann},
  journal={arXiv preprint arXiv:1312.6229},
  year={2013}
}

@article{szegedy2014going,
  title={Going deeper with convolutions},
  author={Szegedy, Christian and Liu, Wei and Jia, Yangqing and Sermanet, Pierre and Reed, Scott and Anguelov, Dragomir and Erhan, Dumitru and Vanhoucke, Vincent and Rabinovich, Andrew},
  journal={arXiv preprint arXiv:1409.4842},
  year={2014}
}

@article{long2014fully,
  title={Fully convolutional networks for semantic segmentation},
  author={Long, Jonathan and Shelhamer, Evan and Darrell, Trevor},
  journal={arXiv preprint arXiv:1411.4038},
  year={2014}
}  